<record><leader>00000cas a22000007a 4500</leader><controlfield tag="001">16952480</controlfield><controlfield tag="008">871107d18811892iauwr ne      0    0eng d</controlfield><datafield ind1=" " ind2=" " tag="010"><subfield code="a">sn 87057979 </subfield></datafield><datafield ind1=" " ind2=" " tag="040"><subfield code="a">INP</subfield><subfield code="b">eng</subfield><subfield code="c">INP</subfield><subfield code="d">DLC</subfield><subfield code="d">OCLCQ</subfield></datafield><datafield ind1=" " ind2=" " tag="042"><subfield code="a">msc</subfield></datafield><datafield ind1="0" ind2="4" tag="245"><subfield code="a">The Coin eagle.</subfield></datafield><datafield ind1=" " ind2=" " tag="260"><subfield code="a">Coin, Page County, Iowa :</subfield><subfield code="b">A. Rozelle</subfield></datafield><datafield ind1=" " ind2=" " tag="300"><subfield code="a">v.</subfield></datafield><datafield ind1=" " ind2=" " tag="310"><subfield code="a">Weekly</subfield></datafield><datafield ind1="1" ind2=" " tag="362"><subfield code="a">Issued Nov. 1881-Nov. 4, 1892.</subfield></datafield><datafield ind1=" " ind2=" " tag="500"><subfield code="a">Publisher varies.</subfield></datafield><datafield ind1=" " ind2=" " tag="500"><subfield code="a">Includes separately numbered weekly sections called: Blanchard news, Jan. 7-July 1, 1887; Labor news, July 8, 1887-Jan. 27, 1888, dated at Clarinda, Iowa, and "published in interest of Knights of Labor, Farmers Alliance and all workingmen of the County."</subfield></datafield><datafield ind1=" " ind2=" " tag="588"><subfield code="a">Description based on: Vol. 2, no. 1 (Nov. 3, 1882).</subfield></datafield><datafield ind1="0" ind2="2" tag="730"><subfield code="a">Blanchard news.</subfield></datafield><datafield ind1="0" ind2="2" tag="730"><subfield code="a">Labor news (Clarinda, Iowa)</subfield></datafield><datafield ind1=" " ind2=" " tag="752"><subfield code="a">United States</subfield><subfield code="b">Iowa</subfield><subfield code="c">Page</subfield><subfield code="d">Coin.</subfield></datafield><datafield ind1=" " ind2=" " tag="752"><subfield code="a">United States</subfield><subfield code="b">Iowa</subfield><subfield code="c">Page</subfield><subfield code="d">Blanchard.</subfield></datafield><datafield ind1=" " ind2=" " tag="752"><subfield code="a">United States</subfield><subfield code="b">Iowa</subfield><subfield code="c">Page</subfield><subfield code="d">Clarinda.</subfield></datafield><datafield ind1="0" ind2="0" tag="785"><subfield code="t">Page County gazette (Coin, Iowa : 1892)</subfield><subfield code="w">(DLC)sn 86060321</subfield></datafield></record>